<?xml version="1.0" encoding="UTF-8"?><collection xmlns="http://www.loc.gov/MARC21/slim"><record><leader>00676nam--2200181-i-4500</leader><controlfield tag="001">000016874</controlfield><controlfield tag="002">20161230</controlfield><controlfield tag="005">20161230201032</controlfield><controlfield tag="008">060222s1000------------r-----000-0-eng-d</controlfield><datafield ind1=" " ind2=" " tag="040"><subfield code="a">IFIN-HH</subfield></datafield><datafield ind1=" " ind2=" " tag="080"><subfield code="a">539.126(061.3)</subfield></datafield><datafield ind1="1" ind2=" " tag="100"><subfield code="a">Davier, M./S.A.</subfield></datafield><datafield ind1="1" ind2="0" tag="245"><subfield code="a">Bosons vectoriels et bosons de higgs dans la theorie de salam-weinberg des interaction faibles et electromagnetiques</subfield><subfield code="b">Ecole d'ete de physque dews particules gif-sur-yvette 11 session 3-7 septembre 1979</subfield><subfield code="c">M. davier, l. maiani, c. savoy, j. scherk (eds.)</subfield></datafield><datafield ind1=" " ind2=" " tag="260"><subfield code="a">Paris</subfield><subfield code="b">Ecole De Gif-sur-yvette</subfield><subfield code="c">1979</subfield></datafield><datafield ind1=" " ind2=" " tag="300"><subfield code="a">201P</subfield></datafield><datafield ind1="1" ind2=" " tag="700"><subfield code="a">Scherk, J</subfield><subfield code="e">Ed</subfield></datafield><datafield ind1=" " ind2=" " tag="852"><subfield code="a">78939</subfield><subfield code="c">539.12</subfield></datafield><datafield ind1=" " ind2=" " tag="CAT"><subfield code="a">Sys</subfield><subfield code="c">20120125</subfield><subfield code="h">150655</subfield></datafield></record></collection>